
@misc{aipoly,
  author = {Aipoly},
  title = {{Vision through artificial intelligence}},
  howpublished = "\url{http://aipoly.com/}",
  year = {2017}
}
@misc{seeingai,
  author = {Microsoft},
  title = {{Seeing AI: Turning the visual world into an audible experience.}},
  howpublished = "\url{https://www.microsoft.com/en-us/seeing-ai/}",
  year = {2017}
}
@misc{looktel,
  author = {Looktel Recognizer},
  title = {{ Instantly recognize everyday objects}},
  howpublished = "\url{http://www.looktel.com/recognizer}",
  year = {2017}
}

@misc{blaid,
  author = {TapTapSee},
  title = {{A camera app}},
  howpublished = "\url{http://taptapseeapp.com/}",
  year = {2016 (accessed Sep 1, 2017)}
}
@misc{taptapsee,
  author = {Michelle Naranjo},
  title = {{Toyota's Project BLAID Is an Empowering Mobility Device for the Visually Impaired}},
  howpublished = "\url{https://www.consumerreports.org/car-safety/toyota-project-blaid/}",
  year = {2016 (accessed Sep 1, 2017)}
}
@misc{orcam,
  author = {OrCam},
  title = {{See for yourself}},
  howpublished = "\url{http://www.orcam.com/}",
  year = {2017}
}
@misc{horus,
  author = {Horus},
  title = {{A Wearable Assistant}},
  howpublished = "\url{https://horus.tech/}",
  year = {2017}
}
@inproceedings{Bigham:2010,
	author = {Bigham, Jeffrey P. and Jayant, Chandrika and Ji, Hanjie and Little, Greg and Miller, Andrew and Miller, Robert C. and Miller, Robin and Tatarowicz, Aubrey and White, Brandyn and White, Samual and Yeh, Tom},
	title = {VizWiz: Nearly Real-time Answers to Visual Questions},
	booktitle = {Proceedings of the 23Nd Annual ACM Symposium on User Interface Software and Technology},
	series = {UIST '10},
	year = {2010},
	isbn = {978-1-4503-0271-5},
	location = {New York, New York, USA},
	pages = {333--342},
	numpages = {10},
	url = {http://doi.acm.org/10.1145/1866029.1866080},
	doi = {10.1145/1866029.1866080},
	acmid = {1866080},
	publisher = {ACM},
	address = {New York, NY, USA},
	keywords = {blind users, non-visual interfaces, real-time human computation},
} 

@inproceedings{Jayant:2011,
 author = {Jayant, Chandrika and Ji, Hanjie and White, Samuel and Bigham, Jeffrey P.},
 title = {Supporting Blind Photography},
 booktitle = {The Proceedings of the 13th International ACM SIGACCESS Conference on Computers and Accessibility},
 series = {ASSETS '11},
 year = {2011},
 isbn = {978-1-4503-0920-2},
 location = {Dundee, Scotland, UK},
 pages = {203--210},
 numpages = {8},
 url = {http://doi.acm.org/10.1145/2049536.2049573},
 doi = {10.1145/2049536.2049573},
 acmid = {2049573},
 publisher = {ACM},
 address = {New York, NY, USA},
 keywords = {blind, camera, photography, visually impaired},
}
@inproceedings{Harada:2013,
 author = {Harada, Susumu and Sato, Daisuke and Adams, Dustin W. and Kurniawan, Sri and Takagi, Hironobu and Asakawa, Chieko},
 title = {Accessible Photo Album: Enhancing the Photo Sharing Experience for People with Visual Impairment},
 booktitle = {Proceedings of the SIGCHI Conference on Human Factors in Computing Systems},
 series = {CHI '13},
 year = {2013},
 isbn = {978-1-4503-1899-0},
 location = {Paris, France},
 pages = {2127--2136},
 numpages = {10},
 url = {http://doi.acm.org/10.1145/2470654.2481292},
 doi = {10.1145/2470654.2481292},
 acmid = {2481292},
 publisher = {ACM},
 address = {New York, NY, USA},
 keywords = {audiophotography, blind, photo sharing, visual impairment},
} 