
@misc{social-media,
    author = "{Statista}",
    title = {{Most famous social network sites worldwide as of September 2017, ranked by number of active users (in millions)}},
    howpublished = {\url{https://www.statista.com/statistics/272014/global-social-networks-ranked-by-number-of-users/}},
    note = {Online; accessed Oct 27, 2017} ,
    year=2017,
}

@misc{cb-effect,
    author = "{VeryWell}",
    title = {{What Are the Effects of Cyberbullying?
Discover how cyberbullying can impact victims}},
    howpublished = {\url{https://www.verywell.com/what-are-the-effects-of-cyberbullying-460558/}},
    note = {Online; accessed Oct 27, 2017} ,
    year=2017,
}
@misc{terrorism,
    author = "{Operation 250}",
    title = {{How Terrorists use the Internet?}},
    howpublished = {\url{https://www.operation250.org/how-terrorists-use-the-internet/}},
    note = {Online; accessed Oct 27, 2017} ,
    year=2017,
}

@misc{fake,
    author = "{ Benedict Carey. NYTimes}",
    title = {{How Fiction Becomes Fact on Social Media}},
    howpublished = {\url{https://www.nytimes.com/2017/10/20/health/social-media-fake-news.html}},
    note = {Online; accessed Oct 29, 2017} ,
    year=2017,
}
@misc{fake2,
    author = "{ Benedict Carey. NYTimes}",
    title = {{How Fiction Becomes Fact on Social Media}},
    howpublished = {\url{https://journalistsresource.org/studies/society/internet/fake-news-conspiracy-theories-journalism-research}},
    note = {Online; accessed Oct 29, 2017} ,
    year=2017,
}
@misc{social-media2,
    author = "{Jeff Desjardins. Visual Capitalist}",
    title = {{How Fiction Becomes Fact on Social Media
    }},
    howpublished = {\url{http://www.visualcapitalist.com/happens-internet-minute-2017/}},
    note = {Online; accessed Oct 27, 2017} ,
    year=2017,
}
@misc{cyberbullying,
    author = "{National Crime Prevention Council}",
    title = {{Stop bullying before it starts.}},
    howpublished = {\url{http://www.ncpc.org/resources/files/pdf/bullying/cyberbullying.pdf}},
    note = {Online; accessed Oct 27, 2017} ,
    year=2014,
}
@article{Slonje:2013,
title = "The nature of cyberbullying, and strategies for prevention",
journal = "Computers in Human Behavior",
volume = "29",
number = "1",
pages = "26 - 32",
year = "2013",
note = "Including Special Section Youth, Internet, and Wellbeing",
issn = "0747-5632",
doi = "https://doi.org/10.1016/j.chb.2012.05.024",
url = "http://www.sciencedirect.com/science/article/pii/S0747563212002154",
author = "Robert Slonje and Peter K. Smith and Ann Frisen",
keywords = "Cyberbullying, Bullying, Prevention, Coping strategies, Impact, Definitional issues"
}
@article{Kwan:2013,
title = "Facebook bullying: An extension of battles in school",
journal = "Computers in Human Behavior",
volume = "29",
number = "1",
pages = "16 - 25",
year = "2013",
note = "Including Special Section Youth, Internet, and Wellbeing",
issn = "0747-5632",
doi = "https://doi.org/10.1016/j.chb.2012.07.014",
url = "http://www.sciencedirect.com/science/article/pii/S0747563212002142",
author = "Grace Chi En Kwan and Marko M. Skoric",
keywords = "Facebook, Cyberbullying, Risky Facebook use, Singapore"
}
@inproceedings{Singh:2017,
 author = {Singh, Vivek K. and Radford, Marie L. and Huang, Qianjia and Furrer, Susan},
 title = {"They Basically Like Destroyed the School One Day": On Newer App Features and Cyberbullying in Schools},
 booktitle = {Proceedings of the 2017 ACM Conference on Computer Supported Cooperative Work and Social Computing},
 series = {CSCW '17},
 year = {2017},
 isbn = {978-1-4503-4335-0},
 location = {Portland, Oregon, USA},
 pages = {1210--1216},
 numpages = {7},
 url = {http://doi.acm.org/10.1145/2998181.2998279},
 doi = {10.1145/2998181.2998279},
 acmid = {2998279},
 publisher = {ACM},
 address = {New York, NY, USA},
 keywords = {cyberbullying, ephemerality, focus groups, mobile apps, user studies},
} 

@inproceedings{Cheng:2017,
 author = {Cheng, Justin and Bernstein, Michael and Danescu-Niculescu-Mizil, Cristian and Leskovec, Jure},
 title = {Anyone Can Become a Troll: Causes of Trolling Behavior in Online Discussions},
 booktitle = {Proceedings of the 2017 ACM Conference on Computer Supported Cooperative Work and Social Computing},
 series = {CSCW '17},
 year = {2017},
 isbn = {978-1-4503-4335-0},
 location = {Portland, Oregon, USA},
 pages = {1217--1230},
 numpages = {14},
 url = {http://doi.acm.org/10.1145/2998181.2998213},
 doi = {10.1145/2998181.2998213},
 acmid = {2998213},
 publisher = {ACM},
 address = {New York, NY, USA},
 keywords = {antisocial behavior, online communities, trolling},
} 
@Article{Aro2016,
author="Aro, Jessikka",
title="The cyberspace war: propaganda and trolling as warfare tools",
journal="European View",
year="2016",
month="Jun",
day="01",
volume="15",
number="1",
pages="121--132",
issn="1865-5831",
doi="10.1007/s12290-016-0395-5",
url="https://doi.org/10.1007/s12290-016-0395-5"
}
@book{Weimann:2006,
 author = {Weimann, Gabriel},
 title = {Terror on the Internet: The New Arena, the New Challenges},
 year = {2006},
 isbn = {1929223714},
 publisher = {The United States Institute of Peace}
} 
@article{HosseinmardiMRH15,
  author    = {Homa Hosseinmardi and
               Sabrina Arredondo Mattson and
               Rahat Ibn Rafiq and
               Richard Han and
               Qin Lv and
               Shivakant Mishra},
  title     = {Detection of Cyberbullying Incidents on the Instagram Social Network},
  journal   = {CoRR},
  volume    = {abs/1503.03909},
  year      = {2015},
  url       = {http://arxiv.org/abs/1503.03909},
  archivePrefix = {arXiv},
  eprint    = {1503.03909},
  timestamp = {Wed, 07 Jun 2017 14:43:10 +0200},
  biburl    = {http://dblp.org/rec/bib/journals/corr/HosseinmardiMRH15},
  bibsource = {dblp computer science bibliography, http://dblp.org}
}
@inproceedings{Menczer:2016,
 author = {Menczer, Filippo},
 title = {The Spread of Misinformation in Social Media},
 booktitle = {Proceedings of the 25th International Conference Companion on World Wide Web},
 series = {WWW '16 Companion},
 year = {2016},
 isbn = {978-1-4503-4144-8},
 location = {Montr\&\#233;al, Qu\&\#233;bec, Canada},
 pages = {717--717},
 numpages = {1},
 url = {https://doi.org/10.1145/2872518.2890092},
 doi = {10.1145/2872518.2890092},
 acmid = {2890092},
 publisher = {International World Wide Web Conferences Steering Committee},
 address = {Republic and Canton of Geneva, Switzerland},
 keywords = {astroturf, diffusion networks, echo chambers, fact checking, hoaxes, misinformation, social bots, social bubbles, social media, twitter}
} 
@techreport{Shao17hoaxybots,
	Author = {Shao, Chengcheng and Ciampaglia, Giovanni Luca and Varol, Onur and Flammini, Alessandro and Menczer, Filippo},
	Date-Added = {2017-07-25 13:24:50 +0000},
	Date-Modified = {2017-08-29 00:07:31 +0000},
	Institution = {arXiv},
	Keywords = {myown abuse complex_networks social truthy traffic},
	Number = {1707.07592},
	Title = {The spread of fake news by social bots},
	Type = {Preprint},
	Url = {https://arxiv.org/abs/1707.07592},
	Year = {2017},
	Bdsk-Url-1 = {https://arxiv.org/abs/1707.07592}}
	
	
@inproceedings{Shao15hoaxy,
	Author = {Shao, Chengcheng and Ciampaglia, Giovanni Luca and Flammini, Alessandro and Menczer, Filippo},
	Booktitle = {Proc. 25th International Conference Companion on World Wide Web},
	Date-Added = {2016-02-15 23:47:01 +0000},
	Date-Modified = {2017-07-02 17:34:13 +0000},
	Doi = {10.1145/2872518.2890098},
	Keywords = {myown abuse crawlers social traffic truthy web complex_networks},
	Note = {Preprint arXiv:1603.01511},
	Title = {Hoaxy: A Platform for Tracking Online Misinformation},
	Url = {http://arxiv.org/abs/1603.01511},
	Year = {2016},
	Bdsk-Url-1 = {https://arxiv.org/abs/1603.01511},
	Bdsk-Url-2 = {http://dx.doi.org/10.1145/2872518.2890098}}
	
	@article{socialbots-CACM,
	Author = {Emilio Ferrara and Onur Varol and Clayton Davis and Filippo Menczer and Alessandro Flammini},
	Date-Added = {2016-02-05 14:44:27 +0000},
	Date-Modified = {2017-01-21 02:36:57 +0000},
	Doi = {10.1145/2818717},
	Journal = {Comm. ACM},
	Keywords = {myown social truthy abuse},
	Note = {Preprint arXiv:1407.5225},
	Number = {7},
	Pages = {96--104},
	Title = {The rise of social bots},
	Url = {http://dl.acm.org/authorize?N16298},
	Volume = {59},
	Year = {2016},
	Bdsk-Url-1 = {http://dx.doi.org/10.1145/2818717}}

@article{Aymanns:2017,
  author    = {Christoph Aymanns and
               Jakob Foerster and
               Co{-}Pierre Georg},
  title     = {Fake News in Social Networks},
  journal   = {CoRR},
  volume    = {abs/1708.06233},
  year      = {2017},
  url       = {http://arxiv.org/abs/1708.06233},
  archivePrefix = {arXiv},
  eprint    = {1708.06233},
  timestamp = {Tue, 05 Sep 2017 10:03:46 +0200},
  biburl    = {http://dblp.org/rec/bib/journals/corr/abs-1708-06233},
  bibsource = {dblp computer science bibliography, http://dblp.org}
}
@article{Allcott:2017,
Author = {Allcott, Hunt and Gentzkow, Matthew},
Title = {Social Media and Fake News in the 2016 Election},
Journal = {Journal of Economic Perspectives},
Volume = {31},
Number = {2},
Year = {2017},
Month = {May},
Pages = {211-36},
DOI = {10.1257/jep.31.2.211},
URL = {http://www.aeaweb.org/articles?id=10.1257/jep.31.2.211}}
@inproceedings{Shiralkar2017Finding-Streams,
	Author = {Shiralkar, Prashant and Flammini, Alessandro and Menczer, Filippo and Ciampaglia, Giovanni Luca},
	Booktitle = {Proc. IEEE International Conference on Data Mining (ICDM)},
	Date-Added = {2017-08-29 00:03:51 +0000},
	Date-Modified = {2017-08-29 00:08:48 +0000},
	Keywords = {myown complex_networks similarity truthy},
	Title = {Finding Streams in Knowledge Graphs to Support Fact Checking},
	Url = {https://arxiv.org/abs/1708.07239},
	Year = {2017},
	Bdsk-Url-1 = {https://arxiv.org/abs/1708.07239}}
	
	@inproceedings{Xiao:2015:DCF:2808769.2808779,
 author = {Xiao, Cao and Freeman, David Mandell and Hwa, Theodore},
 title = {Detecting Clusters of Fake Accounts in Online Social Networks},
 booktitle = {Proceedings of the 8th ACM Workshop on Artificial Intelligence and Security},
 series = {AISec '15},
 year = {2015},
 isbn = {978-1-4503-3826-4},
 location = {Denver, Colorado, USA},
 pages = {91--101},
 numpages = {11},
 url = {http://doi.acm.org/10.1145/2808769.2808779},
 doi = {10.1145/2808769.2808779},
 acmid = {2808779},
 publisher = {ACM},
 address = {New York, NY, USA},
 keywords = {classification, clustering, data mining, fake profiles, machine learning, spam detection},
} 

