@Inbook{editor00,
  author = 	 "",
  editor =       "Ian Editor",
  title =        "The title of book one",
  subtitle =     "The book subtitle",
  series =       "The name of the series one",
  year =         "2007",
  volume = 	 "9",
  address =      "Chicago",
  edition =      "1st.",
  publisher =    "University of Chicago Press",
  doi = 	 "10.1007/3-540-09237-4",
  url = 	 "http://dx.doi.org/10.1007/3-540-09456-9",
  chapter = 	 "",
  pages = 	 "",
  number = 	 "",
  type = 	 "",
  month = 	 "",
  note = 	 "",
}
@misc{malware,
    author = "{MalwareBytes}",
    title = {{Malwarebytes Releases Global State of Malware Report, Finds 2016 as Year Threat Reality Catches Up to Threat Hype}},
    howpublished = {\url{https://press.malwarebytes.com/2017/01/31/malwarebytes-releases-global-state-of-malware-report-finds-2016-as-year-threat-reality-catches-up-to-threat-hype/}},
    note = {Online; accessed Sept 27, 2017} ,
    year=2017,
}
@misc{yahoo,
    author = "{Selena Larson.CNN}",
    title = {{Every single Yahoo account was hacked - 3 billion in all}},
    howpublished = {\url{http://money.cnn.com/2017/10/03/technology/business/yahoo-breach-3-billion-accounts/index.html}},
    note = {Online; accessed Sept 27, 2017} ,
    year=2017,
}
@misc{equifax,
    author = "{Tara Bernard and Tiffany Hsu and  Nicole Perlroth and Ron Lieber}",
    title = {{Equifax Says Cyberattack May Have Affected 143 Million in the U.S.}},
    howpublished = {\url{http://money.cnn.com/2017/10/03/technology/business/yahoo-breach-3-billion-accounts/index.html}},
    note = {Online; accessed Sept 27, 2017} ,
    year=2017,
}
@INPROCEEDINGS{Mahmood:2013, 
author={T. Mahmood and U. Afzal}, 
booktitle={2013 2nd National Conference on Information Assurance (NCIA)}, 
title={Security Analytics: Big Data Analytics for cybersecurity: A review of trends, techniques and tools}, 
year={2013}, 
volume={}, 
number={}, 
pages={129-134}, 
doi={10.1109/NCIA.2013.6725337}, 
ISSN={}, 
month={Dec},}

@INPROCEEDINGS{Gahi:2016, 
author={Y. Gahi and M. Guennoun and H. T. Mouftah}, 
booktitle={2016 IEEE Symposium on Computers and Communication (ISCC)}, 
title={Big Data Analytics: Security and privacy challenges}, 
year={2016}, 
volume={}, 
number={}, 
pages={952-957}, 
doi={10.1109/ISCC.2016.7543859}, 
ISSN={}, 
month={June},}

@article{Fhom15,
  author    = {Hervais Simo Fhom},
  title     = {Big Data: Opportunities and Privacy Challenges},
  journal   = {CoRR},
  volume    = {abs/1502.00823},
  year      = {2015},
  url       = {http://arxiv.org/abs/1502.00823},
  timestamp = {Wed, 07 Jun 2017 14:42:23 +0200},
  biburl    = {http://dblp.uni-trier.de/rec/bib/journals/corr/Fhom15},
  bibsource = {dblp computer science bibliography, http://dblp.org}
}

@article{SINGH:2014,
title = "Big Data Analytics framework for Peer-to-Peer Botnet detection using Random Forests",
journal = "Information Sciences",
volume = "278",
number = "Supplement C",
pages = "488 - 497",
year = "2014",
issn = "0020-0255",
doi = "https://doi.org/10.1016/j.ins.2014.03.066",
url = "http://www.sciencedirect.com/science/article/pii/S0020025514003570",
author = "Kamaldeep Singh and Sharath Chandra Guntuku and Abhishek Thakur and Chittaranjan Hota"
}